<?xml version="1.0" encoding="UTF-8"?>
<collection xmlns:xsi="http://www.w3.org/2001/XMLSchema-instance" xsi:schemaLocation="http://www.loc.gov/MARC21/slim http://www.loc.gov/standards/marcxml/schema/MARC21slim.xsd" xmlns="http://www.loc.gov/MARC21/slim">
<record>
  <leader>01164cam a2200265 i 4500</leader>
  <controlfield tag="001">569825</controlfield>
  <controlfield tag="003">NNC</controlfield>
  <controlfield tag="005">20130423135935.0</controlfield>
  <controlfield tag="008">870603s1876    ua            000 0 ara d</controlfield>
  <datafield tag="035" ind1=" " ind2=" ">
    <subfield code="a">(OCoLC)78967369</subfield>
  </datafield>
  <datafield tag="035" ind1=" " ind2=" ">
    <subfield code="a">(OCoLC)ocm78967369</subfield>
  </datafield>
  <datafield tag="035" ind1=" " ind2=" ">
    <subfield code="a">(CStRLIN)NYCG87-B49685</subfield>
  </datafield>
  <datafield tag="035" ind1=" " ind2=" ">
    <subfield code="9">ACM3229CU</subfield>
  </datafield>
  <datafield tag="035" ind1=" " ind2=" ">
    <subfield code="a">(NNC)569825</subfield>
  </datafield>
  <datafield tag="040" ind1=" " ind2=" ">
    <subfield code="a">NNC</subfield>
    <subfield code="c">NNC</subfield>
  </datafield>
  <datafield tag="090" ind1=" " ind2=" ">
    <subfield code="a">PJ7765.L3</subfield>
    <subfield code="b">J37 1876</subfield>
  </datafield>
  <datafield tag="100" ind1="1" ind2=" ">
    <subfield code="a">Bājūrī, Ibrāhīm ibn Muḥammad,</subfield>
    <subfield code="d">1783 or 1784-1860.</subfield>
  </datafield>
  <datafield tag="240" ind1="1" ind2="0">
    <subfield code="a">Tuḥfat al-murīd ʻalá Jawharat al-tawḥīd</subfield>
  </datafield>
  <datafield tag="245" ind1="0" ind2="0">
    <subfield code="a">Ḥāshiyat al-Imām al-ʻĀlim al-ʻAllāmah Shaykh al-Islām al-Shaykh Ibrāhīm al-Bayjūrī, al-musammāh bi-Tuḥfat al-murīd ʻalá Jawharat al-tawḥīd. Wa-bi-hāmishihā baʻḍ taqrīrāt /</subfield>
    <subfield code="c">lil-ʻAllāmah Aḥmad al-Ujhūrī.</subfield>
  </datafield>
  <datafield tag="260" ind1=" " ind2=" ">
    <subfield code="a">[Cairo?] :</subfield>
    <subfield code="b">al-Maṭbaʻah al-ʻĀmirah,</subfield>
    <subfield code="c">1293 [1876]</subfield>
  </datafield>
  <datafield tag="300" ind1=" " ind2=" ">
    <subfield code="a">154 p. ;</subfield>
    <subfield code="c">26 cm.</subfield>
  </datafield>
  <datafield tag="600" ind1="1" ind2="0">
    <subfield code="a">Laqānī, Ibrāhīm ibn Ibrāhīm,</subfield>
    <subfield code="d">-1631 or 1632.</subfield>
    <subfield code="t">Jawharat al-tawḥīd.</subfield>
  </datafield>
  <datafield tag="700" ind1="1" ind2=" ">
    <subfield code="a">Ujhūrī, Aḥmad ibn Aḥmad.</subfield>
  </datafield>
  <datafield tag="740" ind1="0" ind2="1">
    <subfield code="a">Ḥāshiyat Ibrāhīm al-Bayjūrī.</subfield>
  </datafield>
  <datafield tag="740" ind1="0" ind2="1">
    <subfield code="a">Tuḥfat al-murīd ʻalá Jawharat al-tawḥīd.</subfield>
  </datafield>
  <datafield tag="955" ind1=" " ind2=" ">
    <subfield code="b">0038803747</subfield>
    <subfield code="d">glx</subfield>
    <subfield code="e">PJ7765.L3 J37 1876</subfield>
  </datafield>
</record>
</collection>